% This file was created with JabRef 2.3.
% Encoding: ISO8859_1

@BOOK{handbook,
  title = {Handbook of applied cryptography},
  publisher = {CRC Press},
  year = {2001},
  author = {Alfred J. Menezes, Paul C. van Oorschot, Scott A. Vanstone},
  edition = {5},
  month = {Junio}
}

@ARTICLE{barrett,
  author = {Paul Barrett},
  title = {Implementing the Rivest Shamir and Adleman public encryption algorithm
	on a standard digital signal processor},
  year = {1986}
}

@ARTICLE{brentrandom,
  author = {Richard P. Brent},
  title = {Uses of Randomness in Computation},
  year = {1994},
  month = {Junio}
}

@BOOK{cohen,
  title = {A course in computational algebraic number theory},
  publisher = {Springer-Verlag},
  year = {1995},
  author = {Henri Cohen},
  edition = {2}
}

@ARTICLE{rfc1750,
  author = {D. Eastlake, S. Crocker, J. Schiller},
  title = {Randomness Recommendations for Security},
  journal = {Request For Comments},
  year = {1994},
  number = {1750},
  month = {Diciembre}
}

@MANUAL{adop,
  title = {ADOP (A Different Option for Parsing)},
  author = {Alejandro Conty Estévez},
  address = {http://www.coala.uniovi.es/~jandro/adop/}
}

@BOOK{feynman,
  title = {Conferencias sobre computación},
  publisher = {Crítica},
  year = {2003},
  author = {Richard P. Feynman}
}

@BOOK{brassard,
  title = {Fundamentos de Algorítmia},
  publisher = {Prentice Hall},
  year = {1999},
  author = {G. Brassard, P. Bratley}
}

@ARTICLE{log2,
  author = {Xavier Gourdon and Pascal Sebah},
  title = {The Logarithmic Constant: log 2},
  year = {2004},
  month = {Enero},
  url = {http://numbers.computation.free.fr/Constants/Log2/log2.ps}
}

@ARTICLE{guanMont,
  author = {D. J. Guan},
  title = {Montgomery Algorithm for Modular Multiplication},
  year = {2003},
  month = {Agosto}
}

@ARTICLE{bbs,
  author = {Pascal Junod},
  title = {Cryptographic Secure Pseudo-Random Bits Generation: The Blum-Blum-Shub
	Generator},
  year = {1999},
  month = {Agosto}
}

@BOOK{knuth2,
  title = {The art of computer programming},
  publisher = {Addison-Wesley},
  year = {1981},
  author = {Donald Ervin Knuth},
  volume = {2},
  edition = {2}
}

@BOOK{koblitz,
  title = {A Course in Number Theory and Cryptography},
  publisher = {Springer-Verlag},
  year = {1994},
  author = {Neal Koblitz},
  edition = {2}
}

@ARTICLE{ringTheory,
  author = {Eva Maria Krause},
  title = {Algebra: Introduction to Ring Theory}
}

@ARTICLE{bbsoriginal,
  author = {Lenore Blum, Manuel Blum, Michael Shub},
  title = {Comparison of two pseudo-random number generators},
  journal = {CRIPTO 82},
  year = {1983},
  pages = {61-78}
}

@BOOK{lucena,
  title = {Criptografía y seguridad en computadores},
  year = {2001},
  author = {Manuel J. Lucena López},
  edition = {3},
  month = {Febrero},
  note = {http://wwwdi.ujaen.es/~mlucena/lcripto.html}
}

@ARTICLE{AKS,
  author = {Manindra Agrawal, Neeraj Kayal, Nitin Saxena},
  title = {PRIMES is in P},
  year = {2002}
}

@ARTICLE{style,
  author = {Fred Richards},
  title = {C/C++ Programming Guidelines},
  journal = {www.working-software.com/handbook/},
  year = {1999},
  note = {www.working-software.com/handbook/}
}

@BOOK{riesel,
  title = {Prime numbers and computer methods for factorization},
  publisher = {Birkhäuser},
  year = {1987},
  author = {Hans Riesel},
  edition = {2}
}

@ARTICLE{rfc1321,
  author = {R. Rivest},
  title = {The MD5 Message-Digest Algorithm},
  journal = {Request for Comments},
  year = {1992},
  number = {1321},
  month = {Abril}
}

@BOOK{lidl,
  title = {Introduction to finite fields and their applications},
  publisher = {Cambridge University Press},
  year = {1986},
  author = {Rudolf Lidl, Harald Niederreiter}
}

@BOOK{schneier,
  title = {Applied Cryptography},
  publisher = {John Wiley \& Sons, Inc.},
  year = {1996},
  author = {Bruce Schneier},
  edition = {2}
}

@ARTICLE{constants,
  author = {Pascal Sebah and Xavier Gourdon},
  title = {Constants from number theory},
  year = {2001}
}

@ARTICLE{shor,
  author = {Peter W. Shor},
  title = {Polynomial-Time Algorithms for Prime Factorization and Discrete Logarithms
	on a Quantum Computer},
  year = {1996}
}

@BOOK{fermat,
  title = {El enigma de Fermat},
  publisher = {Planeta},
  year = {2003},
  author = {Simon Singh}
}

@TECHREPORT{sloane,
  author = {N. J. A. Sloane},
  title = {The On-Line Encyclopedia of Integer Sequences},
  year = {2003},
  address = {http://www.research.att.com/~njas/sequences/}
}

@BOOK{stroustrup,
  title = {El lenguaje de programación C++},
  publisher = {Addison Wesley},
  year = {1998},
  author = {Bjarne Stroustrup},
  edition = {3}
}

@MANUAL{gmp,
  title = {GMP Manual},
  author = {VV.AA.},
  organization = {GNU},
  address = {http://www.swox.com/gmp/gmp-man-4.1.2.pdf},
  edition = {4.1.2},
  year = {2002}
}

@ARTICLE{sqrtinv,
  author = {Xavier Gourdon, Pascal Sebah},
  title = {High order algorithms to find square roots and inverses},
  year = {2003},
  month = {Octubre},
  note = {http://numbers.computation.free.fr/Constants/constants.html}
}

@ARTICLE{arbpreccomp,
  author = {Xavier Gourdon, Pascal Sebah},
  title = {Arbitrary precision computation},
  year = {2001},
  month = {Febrero},
  note = {http://numbers.computation.free.fr/Constants/constants.html}
}

@ARTICLE{countingPrimes,
  author = {Xavier Gourdon, Pascal Sebah},
  title = {Counting the number of primes},
  year = {2001}
}

@ARTICLE{fft,
  author = {Xavier Gourdon, Pascal Sebah},
  title = {FFT based multiplications of large numbers},
  year = {2001},
  month = {Febrero},
  note = {http://numbers.computation.free.fr/Constants/constants.html}
}

@ARTICLE{compMont,
  author = {Çetin Kaya Koç, Tolga Acar, Burton S. Kaliski Jr.},
  title = {Analyzing and Comparing Montgomery Multiplication Algorithms},
  journal = {IEEE Micro},
  year = {1996},
  month = {Junio}
}

